@article{Milgrom1983a,
  author       = {Milgrom, Mordehai},
  title        = {A modification of the Newtonian dynamics as a possible alternative to the hidden mass hypothesis},
  journal      = {Astrophys. J.},
  year         = {1983},
  volume       = {270},
  pages        = {365--370}
}

@article{Milgrom1983b,
  author       = {Milgrom, Mordehai},
  title        = {A modification of the Newtonian dynamics: Implications for galaxies},
  journal      = {Astrophys. J.},
  year         = {1983},
  volume       = {270},
  pages        = {371--389}
}

@article{Bekenstein2004,
  author       = {Bekenstein, Jacob D.},
  title        = {Relativistic gravitation theory for the modified Newtonian dynamics paradigm},
  journal      = {Phys. Rev. D},
  year         = {2004},
  volume       = {70},
  pages        = {083509}
}

@article{McGaugh2016,
  author       = {McGaugh, Stacy S. and Lelli, Federico and Schombert, James M.},
  title        = {Radial acceleration relation in rotationally supported galaxies},
  journal      = {Phys. Rev. Lett.},
  year         = {2016},
  volume       = {117},
  pages        = {201101}
}

@article{Lelli2016,
  author       = {Lelli, Federico and McGaugh, Stacy and Schombert, James},
  title        = {SPARC: Mass models for 175 disk galaxies with Spitzer photometry and accurate rotation curves},
  journal      = {Astron. J.},
  year         = {2016},
  volume       = {152},
  pages        = {157}
}

@article{Planck2020,
  author       = {Planck Collaboration},
  title        = {Planck 2018 results. VI. Cosmological parameters},
  journal      = {Astron. Astrophys.},
  year         = {2020},
  volume       = {641},
  pages        = {A6}
}

@book{Press2007,
  author       = {Press, William H. and Teukolsky, Saul A. and Vetterling, William T. and Flannery, Brian P.},
  title        = {Numerical Recipes 3rd Edition: The Art of Scientific Computing},
  publisher    = {Cambridge University Press},
  year         = {2007}
}

@article{Skilling2004,
  author       = {Skilling, John},
  title        = {Nested sampling},
  journal      = {Bayesian Anal.},
  year         = {2006},
  volume       = {1},
  pages        = {833--860}
}

@article{Famaey2012,
  author       = {Famaey, Benoit and McGaugh, Stacy},
  title        = {Modified Newtonian Dynamics (MOND): Observational phenomenology and relativistic extensions},
  journal      = {Living Rev. Relativ.},
  year         = {2012},
  volume       = {15},
  pages        = {10}
}

@article{Wheeler1990,
  author = {Wheeler, John A.},
  title  = {Information, physics, quantum: The search for links},
  journal = {Proc. 3rd Int. Symp. Found. Quantum Mech.},
  year = {1990},
  pages = {354--368}
}

@article{Shannon1948,
  author = {Shannon, Claude E.},
  title  = {A mathematical theory of communication},
  journal = {Bell Syst. Tech. J.},
  year = {1948},
  volume = {27},
  pages = {379--423}
}

@book{Bohm1980,
  author = {Bohm, David},
  title  = {Wholeness and the Implicate Order},
  publisher = {Routledge},
  year = {1980}
}

@article{TullyFisher1977,
  author = {Tully, R. Brent and Fisher, J. Richard},
  title  = {A new method of determining distances to galaxies},
  journal = {Astron. Astrophys.},
  year = {1977},
  volume = {54},
  pages = {661--673}
}

@article{Begeman1991,
  author = {Begeman, Klaas G. and Broeils, Anne H. and Sanders, Robert H.},
  title  = {Extended rotation curves of spiral galaxies: Dark haloes and modified dynamics},
  journal = {Mon. Not. R. Astron. Soc.},
  year = {1991},
  volume = {249},
  pages = {523--537}
}

@article{Brada1999,
  author = {Brada, R. and Milgrom, M.},
  title  = {Exact solutions and approximations for the modified dynamics acceleration law},
  journal = {Mon. Not. R. Astron. Soc.},
  year = {1999},
  volume = {299},
  pages = {417--424}
}

@article{Sanders2002,
  author = {Sanders, Robert H. and McGaugh, Stacy S.},
  title  = {Modified Newtonian Dynamics as an alternative to dark matter},
  journal = {Ann. Rev. Astron. Astrophys.},
  year = {2002},
  volume = {40},
  pages = {263--317}
}

@article{deBlok2008,
  author = {de Blok, W. J. G. and Walter, F. and Brinks, E. and Trachternach, C. and Oh, S.-H. and Kennicutt, R. C.},
  title  = {High-resolution rotation curves and galaxy mass models from THINGS},
  journal = {Astron. J.},
  year = {2008},
  volume = {136},
  pages = {2648--2719}
}

@article{Katz2017,
  author = {Katz, Harley and Lelli, Federico and McGaugh, Stacy and Di Cintio, Arianna and Brook, Chris},
  title  = {Testing feedback-modified dark matter haloes with galaxy rotation curves},
  journal = {Mon. Not. R. Astron. Soc.},
  year = {2017},
  volume = {466},
  pages = {1648--1659}
}

@article{Verlinde2016,
  author = {Verlinde, Erik P.},
  title  = {Emergent gravity and the dark universe},
  journal = {SciPost Phys.},
  year = {2017},
  volume = {2},
  pages = {016}
}

@article{Brans1961,
  author = {Brans, Carl and Dicke, Robert},
  title  = {Mach's principle and a relativistic theory of gravitation},
  journal = {Phys. Rev.},
  year = {1961},
  volume = {124},
  pages = {925--935}
}

@article{Einstein1915,
  author = {Einstein, Albert},
  title  = {Die Feldgleichungen der Gravitation},
  journal = {Sitzungsberichte der Preussischen Akademie der Wissenschaften},
  year = {1915},
  pages = {844--847}
}

@article{Hawking1974,
  author = {Hawking, S. W.},
  title  = {Black hole explosions?},
  journal = {Nature},
  year = {1974},
  volume = {248},
  pages = {30--31}
}

@article{Bekenstein1973,
  author = {Bekenstein, Jacob D.},
  title  = {Black holes and entropy},
  journal = {Phys. Rev. D},
  year = {1973},
  volume = {7},
  pages = {2333--2346}
}

@article{Susskind1995,
  author = {Susskind, Leonard},
  title  = {The World as a hologram},
  journal = {J. Math. Phys.},
  year = {1995},
  volume = {36},
  pages = {6377--6396}
}

@article{Maldacena1999,
  author = {Maldacena, Juan},
  title  = {The Large N limit of superconformal field theories and supergravity},
  journal = {Int. J. Theor. Phys.},
  year = {1999},
  volume = {38},
  pages = {1113--1133}
}

@article{Hubble1929,
  author = {Hubble, Edwin},
  title  = {A relation between distance and radial velocity among extra-galactic nebulae},
  journal = {Proc. Natl. Acad. Sci. USA},
  year = {1929},
  volume = {15},
  pages = {168--173}
}

@article{Riess1998,
  author = {Riess, Adam G. et al.},
  title  = {Observational evidence from supernovae for an accelerating universe and a cosmological constant},
  journal = {Astron. J.},
  year = {1998},
  volume = {116},
  pages = {1009--1038}
}

@article{Perlmutter1999,
  author = {Perlmutter, Saul et al.},
  title  = {Measurements of Omega and Lambda from 42 high-redshift supernovae},
  journal = {Astrophys. J.},
  year = {1999},
  volume = {517},
  pages = {565--586}
}

@book{Weinberg2008,
  author = {Weinberg, Steven},
  title  = {Cosmology},
  publisher = {Oxford University Press},
  year = {2008}
}

@book{Wheeler1962,
  author = {Misner, Charles W. and Thorne, Kip S. and Wheeler, John A.},
  title  = {Gravitation},
  publisher = {W. H. Freeman},
  year = {1973}
}

@book{Kolb1990,
  author = {Kolb, Edward W. and Turner, Michael S.},
  title  = {The Early Universe},
  publisher = {Addison-Wesley},
  year = {1990}
}

@book{Peebles1993,
  author = {Peebles, P. J. E.},
  title  = {Principles of Physical Cosmology},
  publisher = {Princeton University Press},
  year = {1993}
} 